<record xmlns="http://www.loc.gov/MARC21/slim" xmlns:xsi="http://www.w3.org/2001/XMLSchema-instance" xsi:schemaLocation="http://www.loc.gov/MARC21/slim http://www.loc.gov/standards/marcxml/schema/MARC21slim.xsd"><leader>02243cz   2200445n  4500</leader><controlfield tag="001">oca00289032 </controlfield><controlfield tag="005">20011217151540.0</controlfield><controlfield tag="008">790629n| acannaab           |a aaa      </controlfield><datafield ind1=" " ind2=" " tag="010"><subfield code="a">n  79055925 </subfield></datafield><datafield ind1=" " ind2=" " tag="040"><subfield code="a">DLC</subfield><subfield code="c">DLC</subfield><subfield code="d">DLC</subfield></datafield><datafield ind1="0" ind2=" " tag="100"><subfield code="a">Constantine</subfield><subfield code="b">I,</subfield><subfield code="c">Emperor of Rome,</subfield><subfield code="d">d. 337</subfield></datafield><datafield ind1="0" ind2=" " tag="400"><subfield code="a">Constantinus</subfield><subfield code="b">I,</subfield><subfield code="c">the Great, Emperor of Rome,</subfield><subfield code="d">d. 337</subfield><subfield code="w">nnaa</subfield></datafield><datafield ind1="0" ind2=" " tag="400"><subfield code="a">Constantin</subfield><subfield code="b">I,</subfield><subfield code="c">Emperor of Rome,</subfield><subfield code="d">d. 337</subfield></datafield><datafield ind1="0" ind2=" " tag="400"><subfield code="a">Konstantin,</subfield><subfield code="c">VelikiiÌ&#x86;,</subfield><subfield code="d">d. 337</subfield></datafield><datafield ind1="0" ind2=" " tag="400"><subfield code="a">Konstantin,</subfield><subfield code="c">den Store,</subfield><subfield code="d">d. 337</subfield></datafield><datafield ind1="0" ind2=" " tag="400"><subfield code="a">Konstantin,</subfield><subfield code="c">Vulki,</subfield><subfield code="d">d. 337</subfield></datafield><datafield ind1="0" ind2=" " tag="400"><subfield code="a">KoÌ&#x84;nstantinos,</subfield><subfield code="c">ho Megas,</subfield><subfield code="d">d. 337</subfield></datafield><datafield ind1="0" ind2=" " tag="400"><subfield code="a">KoÌ&#x84;nstantinos</subfield><subfield code="b">I,</subfield><subfield code="c">Emperor of Rome,</subfield><subfield code="d">d. 337</subfield></datafield><datafield ind1="0" ind2=" " tag="400"><subfield code="a">Konstantyn,</subfield><subfield code="c">WelikyÌ&#x81;,</subfield><subfield code="d">d. 337</subfield></datafield><datafield ind1="0" ind2=" " tag="400"><subfield code="a">Kostandianos</subfield><subfield code="b">I,</subfield><subfield code="c">Emperor of Rome,</subfield><subfield code="d">d. 337</subfield></datafield><datafield ind1="0" ind2=" " tag="400"><subfield code="a">Constantine,</subfield><subfield code="c">the Great,</subfield><subfield code="d">d. 337</subfield></datafield><datafield ind1="0" ind2=" " tag="400"><subfield code="a">Constantinus Flavius Valerius Aurelius,</subfield><subfield code="c">Emperor of Rome,</subfield><subfield code="d">d. 337</subfield></datafield><datafield ind1="0" ind2=" " tag="400"><subfield code="a">Constantinus</subfield><subfield code="b">I,</subfield><subfield code="c">Emperor of Rome,</subfield><subfield code="d">d. 337</subfield></datafield><datafield ind1="0" ind2=" " tag="400"><subfield code="a">Costantino</subfield><subfield code="b">I,</subfield><subfield code="c">Emperor of Rome,</subfield><subfield code="d">d. 337</subfield></datafield><datafield ind1="0" ind2=" " tag="400"><subfield code="a">Constantinus,</subfield><subfield code="c">Magnus,</subfield><subfield code="d">d. 337</subfield></datafield><datafield ind1="0" ind2=" " tag="400"><subfield code="a">Costantino,</subfield><subfield code="c">il Grande,</subfield><subfield code="d">d. 337</subfield></datafield><datafield ind1="0" ind2=" " tag="400"><subfield code="a">Konstantin,</subfield><subfield code="c">der Grosse,</subfield><subfield code="d">d. 337</subfield></datafield><datafield ind1="0" ind2=" " tag="400"><subfield code="a">Constantine,</subfield><subfield code="c">Saint,</subfield><subfield code="d">d. 337</subfield></datafield><datafield ind1="0" ind2=" " tag="400"><subfield code="a">Konstantin</subfield><subfield code="b">I,</subfield><subfield code="c">Emperor of Rome,</subfield><subfield code="d">d. 337</subfield></datafield><datafield ind1="0" ind2=" " tag="400"><subfield code="a">Constantijn,</subfield><subfield code="c">de Grote,</subfield><subfield code="d">d. 337</subfield></datafield><datafield ind1="0" ind2=" " tag="400"><subfield code="a">Constantin,</subfield><subfield code="c">cel Mare,</subfield><subfield code="d">d. 337</subfield></datafield><datafield ind1="0" ind2=" " tag="400"><subfield code="a">Flavius Valerius Constantinus,</subfield><subfield code="c">Emperor of Rome,</subfield><subfield code="d">d. 337</subfield></datafield><datafield ind1="0" ind2=" " tag="400"><subfield code="a">Constantin,</subfield><subfield code="c">le Grand,</subfield><subfield code="d">d. 337</subfield></datafield><datafield ind1="0" ind2=" " tag="400"><subfield code="a">Konstantin,</subfield><subfield code="c">Veliki,</subfield><subfield code="d">d. 337</subfield></datafield><datafield ind1=" " ind2=" " tag="670"><subfield code="a">Barnea, I. Constantin cel Mare, 1982:</subfield><subfield code="b">t.p., etc. (Constantin cel Mare)</subfield></datafield><datafield ind1=" " ind2=" " tag="670"><subfield code="a">L'Orange, H.P. Das spaÌ&#x88;tantike Herrscherbild von Diokletian bis zu den Konstantin-SoÌ&#x88;hnen, 284-361 n. Chr., c1984:</subfield><subfield code="b">t.p. (Konstantin) p. 38, etc. (b. ca. 282; d. 337; Flavius Valerius Constantinus)</subfield></datafield><datafield ind1=" " ind2=" " tag="670"><subfield code="a">Loi de jugement, 1971:</subfield><subfield code="b">t.p. (Empereur Constantin)</subfield></datafield><datafield ind1=" " ind2=" " tag="670"><subfield code="a">Le pied de l'arc en ciel, 1995:</subfield><subfield code="b">cover p. 4 (Constantin "le Grand")</subfield></datafield><datafield ind1=" " ind2=" " tag="670"><subfield code="a">Hoi morphes toÌ&#x84;n archaioÌ&#x84;n theoÌ&#x84;n steÌ&#x84;n nomismatokopia tou Megalou KoÌ&#x84;nstantinou, 1998:</subfield><subfield code="b">p. 47 (Constantine I, the Great, reigned from 25th of July, 306 AD up to his death on 22nd of May, 337)</subfield></datafield><datafield ind1=" " ind2=" " tag="670"><subfield code="a">VojskovoÄ&#x91;a, car, svetac, 1997:</subfield><subfield code="b">t.p. (... Konstantina Velikog)</subfield></datafield></record>